@misc{ ycsb:repo,
author = "Brian Frank Cooper",
title = "Yahoo! Cloud Serving Benchmark Wiki on Github",
year = "2010",
url = "https://github.com/brianfrankcooper/YCSB/wiki",
note = "[Online; accessed 01-August-2016]"
}

@misc{ tud:website,
author = "Technische Universität Dresden",
title = "Startseit TU Dresden",
year = "2016",
url = "https://tu-dresden.de/tu-dresden",
note = "[Online; accessed 28-July-2016]"
}

@misc{ tud:chair:head,
author = "Technische Universität Dresden",
title = "Systems Engineering Group - Prof. Dr. Christof Fetzer",
year = "2016",
url = "https://tu-dresden.de/die_tu_dresden/fakultaeten/fakultaet_informatik/sysa/se/team/people/c_fetzer",
note = "[Online; accessed 28-July-2016]"
}

@misc{ tud:chair:project,
author = "Epsilon SRL",
title = "Sereca Project",
year = "2016",
url = "http://www.serecaproject.eu/",
note = "[Online; accessed 28-July-2016]"
}

@inproceedings{ tud:chair:papers:fault,
 author = {Kuvaiskii, Dmitrii and Faqeh, Rasha and Bhatotia, Pramod and Felber, Pascal and Fetzer, Christof},
 title = {HAFT: Hardware-assisted Fault Tolerance},
 booktitle = {Proceedings of the Eleventh European Conference on Computer Systems},
 series = {EuroSys '16},
 year = {2016},
 isbn = {978-1-4503-4240-7},
 location = {London, United Kingdom},
 pages = {25:1--25:17},
 articleno = {25},
 numpages = {17},
 url = {http://doi.acm.org/10.1145/2901318.2901339},
 doi = {10.1145/2901318.2901339},
 acmid = {2901339},
 publisher = {ACM},
 address = {New York, NY, USA},
}

@inproceedings{ tud:chair:papers:stream,
 author = {Martin, Andr{\'e} and Brito, Andrey and Fetzer, Christof},
 title = {Real-time Social Network Graph Analysis Using StreamMine3G},
 booktitle = {Proceedings of the 10th ACM International Conference on Distributed and Event-based Systems},
 series = {DEBS '16},
 year = {2016},
 isbn = {978-1-4503-4021-2},
 location = {Irvine, California},
 pages = {322--329},
 numpages = {8},
 url = {http://doi.acm.org/10.1145/2933267.2933514},
 doi = {10.1145/2933267.2933514},
 acmid = {2933514},
 publisher = {ACM},
 address = {New York, NY, USA},
 keywords = {CEP, ESP, complex event processing, event stream processing, fault tolerance, migration, scalability, state management},
}

@misc{ mongo,
author = "codeandcodes",
title = "Mongoose \/ MongoDB performance enhancements and tweaks (Part 3)",
year = "2016",
url = "https://codeandcodes.com/tag/mongoose-vs-mongodb-native/",
note = "[Online; accessed 29-July-2016]"
}

@misc{ angular:website,
author = "Google",
title = "Guide to Angular 1 Documentation",
year = "2016",
url = "https://docs.angularjs.org/guide",
note = "[Online; accessed 29-July-2016]"
}

@misc{ highcharts:website,
author = "Highsoft",
title = "Highcharts website",
year = "2016",
url = "http://www.highcharts.com/",
note = "[Online; accessed 29-July-2016]"
}
